<?xml version="1.0" encoding="UTF-8"?><record xmlns="http://www.loc.gov/MARC21/slim" xmlns:cinclude="http://apache.org/cocoon/include/1.0" xmlns:zs="http://www.loc.gov/zing/srw/">
  <leader>00514nz  a2200157n  4500</leader>
  <controlfield tag="001">n 2002134292</controlfield>
  <controlfield tag="003">DLC</controlfield>
  <controlfield tag="005">20020508043909.0</controlfield>
  <controlfield tag="008">020508n| acannaabn          |a ana      </controlfield>
  <datafield tag="010" ind1=" " ind2=" ">
    <subfield code="a">n 2002134292</subfield>
  </datafield>
  <datafield tag="035" ind1=" " ind2=" ">
    <subfield code="a">(DNLM)1177987</subfield>
  </datafield>
  <datafield tag="040" ind1=" " ind2=" ">
    <subfield code="a">DNLM</subfield>
    <subfield code="b">eng</subfield>
    <subfield code="c">DNLM</subfield>
  </datafield>
  <datafield tag="110" ind1="2" ind2=" ">
    <subfield code="a">Waikato Medical Research Foundation</subfield>
  </datafield>
  <datafield tag="410" ind1="2" ind2=" ">
    <subfield code="a">WMRF</subfield>
  </datafield>
  <datafield tag="410" ind1="2" ind2=" ">
    <subfield code="a">Waikato Medical Research Foundation Inc.</subfield>
  </datafield>
  <datafield tag="670" ind1=" " ind2=" ">
    <subfield code="a">A history of the Waikato Medical Research Foundation (Inc.), 1986-1999, 2000:</subfield>
    <subfield code="b">t.p. (Waikato Medical Research Foundation, WMRF)</subfield>
  </datafield>
</record>